
@misc{song2003spherical,
  title={Spherical joint for coupling three or more links together at one point},
  author={Song, S.K. and Kwon, D.S. and Kim, W.S.},
  url={http://www.google.com/patents/US6568871},
  year={2003},
  month=may # "~27",
  publisher={Google Patents},
  note={US Patent 6,568,871}
}

@misc{richard1961synergetic,
  title={Synergetic building construction},
  author={Richard, B.F.},
  url={https://www.google.com/patents/US2986241},
  year={1961},
  month=may # "~30",
  publisher={Google Patents},
  note={US Patent 2,986,241}
}